<collection xmlns="http://www.loc.gov/MARC21/slim">
<record>
  <leader>00351na 0a22001091i 450 </leader>
  <controlfield tag="001">IT\ICCU\CNCE\043098</controlfield>
  <controlfield tag="005">19981223000000.0</controlfield>
  <datafield tag="100" ind1=" " ind2=" ">
    <subfield code="a">19981223             0itac0103    ba</subfield>
  </datafield>
  <datafield tag="101" ind1=" " ind2=" ">
    <subfield code="a">LAT</subfield>
  </datafield>
  <datafield tag="200" ind1="1" ind2=" ">
    <subfield code="a">Tropheum Israeliticum triregium ... quod secunda pars Sursum corda praenotatur</subfield>
  </datafield>
  <datafield tag="700" ind1=" " ind2="0">
    <subfield code="a">Antonio</subfield>
    <subfield code="c"> : da#Moneglia</subfield>
    <subfield code="3">IT\ICCU\CNCA\000785</subfield>
  </datafield>
  <datafield tag="801" ind1=" " ind2="3">
    <subfield code="a">IT</subfield>
    <subfield code="b">ICCU</subfield>
    <subfield code="c">20201114</subfield>
  </datafield>
</record>
</collection>
